[gd_scene load_steps=5 format=2]

[ext_resource path="res://house/House.gd" type="Script" id=1]
[ext_resource path="res://house/FurniturePoint.tscn" type="PackedScene" id=2]
[ext_resource path="res://inhabitant/Inhabitant.tscn" type="PackedScene" id=3]



[sub_resource type="RectangleShape2D" id=1]

extents = Vector2( 150.333, 117.334 )

[node name="House" type="Node2D"]
script = ExtResource( 1 )

[node name="DropArea" type="Area2D" parent="."]

[node name="CollisionShape2D" type="CollisionShape2D" parent="DropArea"]
position = Vector2( 2.66666, -111 )
shape = SubResource( 1 )

[node name="WalkingPath" type="Line2D" parent="."]
points = PoolVector2Array( -110, 0, 110, 0 )
width = 0.0
texture_mode = 3602

[node name="Points" type="Node2D" parent="."]

[node name="Ceilling" parent="Points" instance=ExtResource( 2 )]
position = Vector2( 0, -213 )
type = 2

[node name="Ground_right" parent="Points" instance=ExtResource( 2 )]
position = Vector2( 101, -38 )

[node name="Ground_left" parent="Points" instance=ExtResource( 2 )]
position = Vector2( -101, -38 )

[node name="Wall_right" parent="Points" instance=ExtResource( 2 )]
position = Vector2( 75.6667, -113.333 )
type = 1

[node name="Wall_left" parent="Points" instance=ExtResource( 2 )]
position = Vector2( -74.6667, -114 )
type = 1

[node name="Inhabitant" parent="." instance=ExtResource( 3 )]

[connection signal="area_entered" from="DropArea" to="." method="_on_DropArea_area_entered"]
